@book{Doe2015,
    title = "Dummy Entry",
    author = "John Doe",
    year = "2015",
    publisher = "Fake Press"
}